
\bibitem{key-to-success-p1}
  {AKRICH, MADELEINE and CALLON, MICHEL and LATOUR, BRUNO and MONAGHAN, ADRIAN},
  \emph{THE KEY TO SUCCESS IN INNOVATION PART I: THE ART OF INTERESSEMENT},
  International Journal of Innovation Management,
  187-206,
  2002.



@article{key-to-success-p1,
  author = {AKRICH, MADELEINE and CALLON, MICHEL and LATOUR, BRUNO and MONAGHAN, ADRIAN},
  title = {THE KEY TO SUCCESS IN INNOVATION PART I: THE ART OF INTERESSEMENT},
  journal = {International Journal of Innovation Management},
  volume = {06},
  number = {02},
  pages = {187-206},
  year = {2002},
  doi = {10.1142/S1363919602000550},
  URL = {http://www.worldscientific.com/doi/abs/10.1142/S1363919602000550},
  eprint = {http://www.worldscientific.com/doi/pdf/10.1142/S1363919602000550}
}
@article{key-to-success-p2,
  author = {AKRICH, MADELEINE and CALLON, MICHEL and LATOUR, BRUNO and MONAGHAN, ADRIAN},
  title = {THE KEY TO SUCCESS IN INNOVATION PART II: THE ART OF CHOOSING GOOD SPOKESPERSONS},
  journal = {International Journal of Innovation Management},
  volume = {06},
  number = {02},
  pages = {207-225},
  year = {2002},
  doi = {10.1142/S1363919602000562},
  URL = {http://www.worldscientific.com/doi/abs/10.1142/S1363919602000562},
  eprint = {http://www.worldscientific.com/doi/pdf/10.1142/S1363919602000562}
}
@book{bodker,
 author = {Bodker, Kerl and Kensing, Finn and Simonsen, Jesper},
 title = {Participatory It Design: Designing for Business and Workplace Realities},
 year = {2004},
 isbn = {026202568X},
 publisher = {MIT Press},
 address = {Cambridge, MA, USA},
}
@article {callon,
author = {Callon, Michel},
title = {Some elements of a sociology of translation: domestication of the scallops and the fishermen of St Brieuc Bay},
journal = {The Sociological Review},
volume = {32},
issn = {1467-954X},
url = {http://dx.doi.org/10.1111/j.1467-954X.1984.tb00113.x},
doi = {10.1111/j.1467-954X.1984.tb00113.x},
pages = {196--233},
year = {1984},
}
